<record><leader>00000cas a2200000 a 4500</leader><controlfield tag="001">28395878</controlfield><controlfield tag="008">930708d190u1915iluwr ne      0   a0eng c</controlfield><datafield ind1=" " ind2=" " tag="010"><subfield code="a">sn 93055741 </subfield></datafield><datafield ind1=" " ind2=" " tag="040"><subfield code="a">NVF</subfield><subfield code="b">eng</subfield><subfield code="c">NVF</subfield><subfield code="d">NVF</subfield><subfield code="d">OCLCQ</subfield><subfield code="d">NVF</subfield><subfield code="d">OCLCF</subfield><subfield code="d">OCLCO</subfield></datafield><datafield ind1="1" ind2=" " tag="029"><subfield code="a">AU@</subfield><subfield code="b">000020744905</subfield></datafield><datafield ind1=" " ind2=" " tag="042"><subfield code="a">pcc</subfield></datafield><datafield ind1=" " ind2=" " tag="043"><subfield code="a">n-us-il</subfield></datafield><datafield ind1="0" ind2=" " tag="130"><subfield code="a">Calhoun County Republican (Hardin, Ill.)</subfield></datafield><datafield ind1="1" ind2="0" tag="245"><subfield code="a">Calhoun County Republican.</subfield></datafield><datafield ind1=" " ind2=" " tag="260"><subfield code="a">Hardin, Calhoun County, Ill. :</subfield><subfield code="b">Thos. D. Bare</subfield></datafield><datafield ind1=" " ind2=" " tag="300"><subfield code="a">v.</subfield></datafield><datafield ind1=" " ind2=" " tag="310"><subfield code="a">Weekly</subfield></datafield><datafield ind1="1" ind2=" " tag="362"><subfield code="a">Ceased in 1915.</subfield></datafield><datafield ind1=" " ind2=" " tag="588"><subfield code="a">Description based on: 8th year, no. 1 (Nov. 19, 1908).</subfield></datafield><datafield ind1=" " ind2=" " tag="588"><subfield code="a">Latest issue consulted: Feb. 24, 1910.</subfield></datafield><datafield ind1=" " ind2="0" tag="651"><subfield code="a">Hardin (Ill.)</subfield><subfield code="v">Newspapers.</subfield></datafield><datafield ind1=" " ind2="0" tag="651"><subfield code="a">Calhoun County (Ill.)</subfield><subfield code="v">Newspapers.</subfield></datafield><datafield ind1=" " ind2="7" tag="655"><subfield code="a">Newspapers.</subfield><subfield code="2">fast</subfield><subfield code="0">(OCoLC)fst01423814</subfield></datafield><datafield ind1=" " ind2="7" tag="651"><subfield code="a">Illinois</subfield><subfield code="z">Calhoun County.</subfield><subfield code="2">fast</subfield><subfield code="0">(OCoLC)fst01214771</subfield></datafield><datafield ind1=" " ind2="7" tag="651"><subfield code="a">Illinois</subfield><subfield code="z">Hardin.</subfield><subfield code="2">fast</subfield><subfield code="0">(OCoLC)fst01209116</subfield></datafield><datafield ind1=" " ind2=" " tag="752"><subfield code="a">United States</subfield><subfield code="b">Illinois</subfield><subfield code="c">Calhoun</subfield><subfield code="d">Hardin.</subfield></datafield><datafield ind1="0" ind2="0" tag="780"><subfield code="t">Republican (Hardin, Ill.)</subfield><subfield code="w">(DLC)sn 93055740</subfield><subfield code="w">(OCoLC)28395797</subfield></datafield><datafield ind1="0" ind2="0" tag="785"><subfield code="t">Calhoun news (Hardin, Ill.)</subfield><subfield code="w">(DLC)sn 93055742</subfield><subfield code="w">(OCoLC)28395918</subfield></datafield></record>